<collection xmlns="http://www.loc.gov/MARC21/slim">
<record>
  <leader>01559nam0a2200289 i 450 </leader>
  <controlfield tag="001">IT\ICCU\CNCE\013057</controlfield>
  <controlfield tag="005">20020226000000.0</controlfield>
  <datafield tag="012" ind1=" " ind2=" ">
    <subfield code="a">s.er n.n. n.n. n.n. (C) 1513 (Q)</subfield>
    <subfield code="2">fei</subfield>
  </datafield>
  <datafield tag="100" ind1=" " ind2=" ">
    <subfield code="a">19970101f1513        0itac0103    ba</subfield>
  </datafield>
  <datafield tag="101" ind1=" " ind2=" ">
    <subfield code="a">LAT</subfield>
  </datafield>
  <datafield tag="102" ind1=" " ind2=" ">
    <subfield code="a">IT</subfield>
  </datafield>
  <datafield tag="200" ind1="1" ind2=" ">
    <subfield code="a">Tres deputationes facte per s. dominum nostrum reuerendissimorum dominorum cardinalium &amp; prelatorum unacum adiunctis per sanctitatem suam super diuersis materiis &amp; negociis tractandis &amp; expediendis in Concilio Lateranensi pro faciliori expeditione &amp; uniuersali cognitione gerendorum in eo</subfield>
  </datafield>
  <datafield tag="210" ind1=" " ind2=" ">
    <subfield code="d">\1513!</subfield>
  </datafield>
  <datafield tag="215" ind1=" " ind2=" ">
    <subfield code="a">\4! c.</subfield>
    <subfield code="d">4ʻ</subfield>
  </datafield>
  <datafield tag="300" ind1=" " ind2=" ">
    <subfield code="a">La data si ricava da c.\4!r.Per il tipografo, Marcello Silber, cfr. A. Tinto, Gli annali tipografici di Eucario e Marcello Silber</subfield>
  </datafield>
  <datafield tag="620" ind1=" " ind2=" ">
    <subfield code="a">IT</subfield>
    <subfield code="d">Roma</subfield>
  </datafield>
  <datafield tag="710" ind1="1" ind2="2">
    <subfield code="a">Concilio Lateranense</subfield>
    <subfield code="c"> &lt;5.</subfield>
    <subfield code="c"> ; 1512-1517&gt;</subfield>
    <subfield code="3">IT\ICCU\CNCA\003436</subfield>
  </datafield>
  <datafield tag="712" ind1="0" ind2="0">
    <subfield code="a">Silber, Marcello</subfield>
    <subfield code="3">IT\ICCU\CNCT\000107</subfield>
    <subfield code="4">650</subfield>
  </datafield>
  <datafield tag="791" ind1="0" ind2="0">
    <subfield code="a">Franck, Marcellus</subfield>
    <subfield code="3">IT\ICCU\CNCT\002877</subfield>
    <subfield code="z">Silber, Marcello</subfield>
  </datafield>
  <datafield tag="791" ind1="0" ind2="0">
    <subfield code="a">Argenteus, Marcellus</subfield>
    <subfield code="3">IT\ICCU\CNCT\003186</subfield>
    <subfield code="z">Silber, Marcello</subfield>
  </datafield>
  <datafield tag="791" ind1="0" ind2="2">
    <subfield code="a">Magister Marcellus</subfield>
    <subfield code="3">IT\ICCU\CNCT\005664</subfield>
    <subfield code="z">Silber, Marcello</subfield>
  </datafield>
  <datafield tag="801" ind1=" " ind2="3">
    <subfield code="a">IT</subfield>
    <subfield code="b">ICCU</subfield>
    <subfield code="c">20201114</subfield>
  </datafield>
  <datafield tag="899" ind1=" " ind2=" ">
    <subfield code="a">Biblioteca civica Queriniana. Brescia</subfield>
    <subfield code="1">BS0026</subfield>
    <subfield code="2">ZBS 01</subfield>
  </datafield>
  <datafield tag="899" ind1=" " ind2=" ">
    <subfield code="a">Biblioteca comunale Ariostea. Ferrara</subfield>
    <subfield code="1">FE0017</subfield>
    <subfield code="2">UFE AR</subfield>
  </datafield>
  <datafield tag="899" ind1=" " ind2=" ">
    <subfield code="a">Biblioteca Ludovico Jacobilli del Seminario vescovile. Foligno</subfield>
    <subfield code="1">PG0040</subfield>
    <subfield code="2">UM1 39</subfield>
  </datafield>
  <datafield tag="899" ind1=" " ind2=" ">
    <subfield code="a">Biblioteca dell&apos;Accademia nazionale dei Lincei e Corsiniana. Roma</subfield>
    <subfield code="1">RM0418</subfield>
    <subfield code="2">RML 10</subfield>
  </datafield>
  <datafield tag="899" ind1=" " ind2=" ">
    <subfield code="a">Biblioteca nazionale Marciana. Venezia</subfield>
    <subfield code="1">VE0049</subfield>
    <subfield code="2">VEA BM</subfield>
  </datafield>
</record>
</collection>
